@article{younis2021hybrid,
  title={A hybrid fusion framework to multi-modal biometric identification},
  author={Younis, Mohammed Chachan and Abuhammad, Huthaifa},
  journal={Multimedia Tools and Applications},
  volume={80},
  number={17},
  pages={25799--25822},
  year={2021},
  publisher={Springer}
}

@article{Rasol,
author = {Rasol, Mezgeen and Haider, Saad and Selman, Mudhafer and Jarjees, Ekhlas and Atroshy, Salih},
year = {2015},
month = {09},
pages = {},
title = {Graduation Project Guide (GPG)},
doi = {10.13140/RG.2.2.18262.96327}
}